@inproceedings{mikolov2010recurrent,
  title={Recurrent neural network based language model},
  author={Mikolov, Tom{\'a}{\v{s}} and Karafi{\'a}t, Martin and Burget, Luk{\'a}{\v{s}} and {\v{C}}ernock{\`y}, Jan and Khudanpur, Sanjeev},
  booktitle={Eleventh annual conference of the international speech communication association},
  year={2010}
}

@article{zaremba2014recurrent,
  title={Recurrent neural network regularization},
  author={Zaremba, Wojciech and Sutskever, Ilya and Vinyals, Oriol},
  journal={arXiv preprint arXiv:1409.2329},
  year={2014}
}

@inproceedings{dahl2013large,
  title={Large-scale malware classification using random projections and neural networks},
  author={Dahl, George E and Stokes, Jack W and Deng, Li and Yu, Dong},
  booktitle={2013 IEEE International Conference on Acoustics, Speech and Signal Processing},
  pages={3422--3426},
  year={2013},
  organization={IEEE}
}

@inproceedings{sutskever2011generating,
  title={Generating text with recurrent neural networks},
  author={Sutskever, Ilya and Martens, James and Hinton, Geoffrey E},
  booktitle={Proceedings of the 28th International Conference on Machine Learning (ICML-11)},
  pages={1017--1024},
  year={2011}
}

@misc{chebysev_sinitsyn_parinov_kupreev_lopatin_liskin, title={IT threat evolution Q3 2018. Statistics}, url={https://securelist.com/it-threat-evolution-q3-2018-statistics/88689/}, journal={Securelist - Kaspersky Lab's cyberthreat research and reports}, author={Chebysev, Victor and Sinitsyn, Fedor and Parinov, Denis and Kupreev, Oleg and Lopatin, Evgeny and Liskin, Alexander}}

@article{isaacs1957virus,
  title={Virus interference. I. The interferon},
  author={Isaacs, Alick and Lindenmann, Jean},
  journal={Proceedings of the Royal Society of London. Series B-Biological Sciences},
  volume={147},
  number={927},
  pages={258--267},
  year={1957},
  publisher={The Royal Society London}
}

@misc{chollet2015keras,
  title={Keras},
  author={Chollet, Fran\c{c}ois and others},
  year={2015},
  howpublished={\url{https://keras.io}},
}

@book{goodfellow2016deep,
  title={Deep learning},
  author={Goodfellow, Ian and Bengio, Yoshua and Courville, Aaron},
  year={2016},
  publisher={MIT press}
}

@book{hassoun1995fundamentals,
  title={Fundamentals of artificial neural networks},
  author={Hassoun, Mohamad H and others},
  year={1995},
  publisher={MIT press}
}

@article{gers1999learning,
  title={Learning to forget: Continual prediction with LSTM},
  author={Gers, Felix A and Schmidhuber, J{\"u}rgen and Cummins, Fred},
  year={1999},
  publisher={IET}
}

@article{liao2013intrusion,
  title={Intrusion detection system: A comprehensive review},
  author={Liao, Hung-Jen and Lin, Chun-Hung Richard and Lin, Ying-Chih and Tung, Kuang-Yuan},
  journal={Journal of Network and Computer Applications},
  volume={36},
  number={1},
  pages={16--24},
  year={2013},
  publisher={Elsevier}
}

@book{minderop2010psikologi,
  title={Psikologi Sastra: Karya, Metode, Teori, dan Contoh Kasus},
  author={Minderop, Albertine},
  year={2010},
  publisher={Yayasan Pustaka Obor Indonesia}
}

@book{martellini2017cyber,
  title={Cyber and chemical, biological, radiological, nuclear, explosives challenges},
  author={Martellini, Maurizio and Malizia, Andrea},
  year={2017},
  publisher={Springer}
}

@techreport{axelsson2000intrusion,
  title={Intrusion detection systems: A survey and taxonomy},
  author={Axelsson, Stefan},
  year={2000},
  institution={Technical report}
}

@book{newman2009computer,
  title={Computer security: Protecting digital resources},
  author={Newman, Robert C},
  year={2009},
  publisher={Jones \& Bartlett Publishers}
}

@article{carr2007snort,
  title={Snort: Open source network intrusion prevention},
  author={Carr, Jeffrey},
  journal={Esecurity Planet, http://www. esecurityplanet. com/prevention/article. php/ 3681296/Snort-Open-Source-Network- Intrusion-Prevention. htm},
  year={2007}
}

@techreport{greenemeier2006sourcefire,
  title={Sourcefire Has Big Plans For Open-Source Snort},
  author={Greenemeier, Larry},
  year={2006},
  institution={Retrieved 2010-06-23}
}

@book{stanger2011cheat,
  title={How to Cheat at Securing Linux},
  author={Stanger, James},
  year={2011},
  publisher={Elsevier}
}

@article{wirawan2015penerapan,
  title={Penerapan Naive Bayes Pada Intrusion Detection System Dengan Diskritisasi Variabel},
  author={Wirawan, I Nyoman Trisna and Eksistyanto, Ivan},
  journal={JUTI: Jurnal Ilmiah Teknologi Informasi},
  volume={13},
  number={2},
  pages={182--189},
  year={2015}
}

@inproceedings{zhang2001hide,
  title={HIDE: a hierarchical network intrusion detection system using statistical preprocessing and neural network classification},
  author={Zhang, Zheng and Li, Jun and Manikopoulos, CN and Jorgenson, Jay and Ucles, Jose},
  booktitle={Proc. IEEE Workshop on Information Assurance and Security},
  pages={85--90},
  year={2001}
}

@article{jacobus2014penerapan,
  title={Penerapan Metode Support Vector Machine pada Sistem Deteksi Intrusi secara Real-time},
  author={Jacobus, Agustinus and Winarko, Edi},
  journal={IJCCS (Indonesian Journal of Computing and Cybernetics Systems)},
  volume={8},
  number={1},
  pages={13--24},
  year={2014}
}

@article{de1995use,
  title={The use of general primers GP5 and GP6 elongated at their 3â€² ends with adjacent highly conserved sequences improves human papillomavirus detection by PCR},
  author={de Roda Husman, Ana-Maria and Walboomers, Jan MM and van den Brule, Adriaan JC and Meijer, Chris JLM and Snijders, Peter JF},
  journal={Journal of General Virology},
  volume={76},
  number={4},
  pages={1057--1062},
  year={1995},
  publisher={Microbiology Society}
}

@article{kim2014convolutional,
  title={Convolutional neural networks for sentence classification},
  author={Kim, Yoon},
  journal={arXiv preprint arXiv:1408.5882},
  year={2014}
}

